% Helpful google scholar search: bottleneck traffic loop detector
% https://scholar.google.com/scholar?hl=en&q=bottleneck+traffic+loop+detector&btnG=&as_sdt=1%2C5&as_sdtp=

@article{chung2007relation,
  title={Relation between traffic density and capacity drop at three freeway bottlenecks},
  author={Chung, Koohong and Rudjanakanoknad, Jittichai and Cassidy, Michael J},
  journal={Transportation Research Part B: Methodological},
  volume={41},
  number={1},
  pages={82--95},
  year={2007},
  publisher={Elsevier}
}

@article{chen2004systematic,
  title={Systematic identification of freeway bottlenecks},
  author={Chen, Chao and Skabardonis, Alexander and Varaiya, Pravin},
  journal={Transportation Research Record: Journal of the Transportation Research Board},
  number={1867},
  pages={46--52},
  year={2004},
  publisher={Transportation Research Board of the National Academies}
}

@article{wieczorek2010techniques,
  title={Techniques for validating an automatic bottleneck detection tool using archived freeway sensor data},
  author={Wieczorek, Jerzy and Fern{\'a}ndez-Moctezuma, Rafael and Bertini, Robert},
  journal={Transportation Research Record: Journal of the Transportation Research Board},
  number={2160},
  pages={87--95},
  year={2010},
  publisher={Transportation Research Board of the National Academies}
}

@article{hall1991freeway,
  title={Freeway capacity drop and the definition of capacity},
  author={Hall, Fred L and Agyemang-Duah, Kwaku},
  journal={Transportation research record},
  number={1320},
  year={1991}
}

@article{zhang2004some,
  title={Some properties of flows at freeway bottlenecks},
  author={Zhang, Lei and Levinson, David},
  journal={Transportation Research Record: Journal of the Transportation Research Board},
  number={1883},
  pages={122--131},
  year={2004},
  publisher={Transportation Research Board of the National Academies}
}

@book{daganzo1997fundamentals,
      title={Fundamentals of transportation and traffic operations},
        author={Daganzo, Carlos and Daganzo, CF},
          volume={30},
            year={1997},
              publisher={Pergamon Oxford}
}
